%! Author = daniil
%! Date = 10/8/22

